@misc{fao,
  title     = {Unidad de Estadística - UNSAAC},
  author    = {Unidad de Estadística},
  year      = {2024},
  url       = {https://www.unsaac.edu.pe/unidad-de-estadistica-2/}
}

@misc{opesq,
  title     = {DECRETO SUPREMO Nº 016-2003-PRODUCE},
  author    = {Alejandro Toledo Manrique},
  year      = {2010},
  url       = {https://cdn.www.gob.pe/uploads/document/file/3155190/D.S.%20N%C2%BA%20006-2022-PRODUCE.pdf.pdf}
}
